@Manual{UEFA,
  title = {UEFA Club Licensing and
Financial Fair Play Regulations},
  author = {{UEFA}},
  organization = {UEFA},
  year = {2018},
  url = {https://documents.uefa.com/v/u/MFxeqLNKelkYyh5JSafuhg},
}
@Manual{Deloitte,
  title = {Deloitte Football Money League},
  author = {{Tim Bridge, Tom Hammond, Alex Carr, Dhruv Garg, Alasdair Malcolm and Jenny Pang}},
  organization = {Deloitte, Deloitte Sports Business Group},
  year = {2023},
  url = {https://www2.deloitte.com/uk/en/pages/sports-business-group/articles/deloitte-football-money-league.html},
}
@Manual{Goal,
  title = {Who are the Premier League 'big six'? Top English clubs & nickname explained},
  author = {{Ryan Kelly}},
  organization = {Goal},
  year = {2021},
  url = {https://www.goal.com/en-us/news/who-are-premier-league-big-six-top-english-clubs-nickname-explained/130iokmi8t8dt1k3kudou73s1k},
}